@article{buggy2020hydrodynamics,
  title={On the hydrodynamics of nonlinear gauge-coupled quantum fluids},
  author={Buggy, Yvan and Phillips, Lawrence G and Ohberg, Patrik},
  journal={Eur. Phys. J. D},
  volume={74},
  pages={92},
  year={2020},
  publisher={Springer}
}
@misc{buggy2019hydrodynamic,
    title={On the hydrodynamic canonical formalism of the {G}ross-{P}itaevskii field},
    author={Yvan Buggy and Patrik \"{O}hberg},
    year={2019},
    eprint={1908.07090},
    archivePrefix={arXiv},
    primaryClass={cond-mat.quant-gas}
}
@article{anderson1995observation,
  title={Observation of {B}ose-{E}instein condensation in a dilute atomic vapor},
  author={Anderson, Mike H and Ensher, Jason R and Matthews, Michael R and Wieman, Carl E and Cornell, Eric A},
  journal={science},
  volume={269},
  number={5221},
  pages={198--201},
  year={1995},
  publisher={American Association for the Advancement of Science}
}
@article{PhysRevLett.121.030402,
  title = {Observation of Density-Dependent Gauge Fields in a {B}ose-{E}instein Condensate Based on Micromotion Control in a Shaken Two-Dimensional Lattice},
  author = {Clark, Logan W. and Anderson, Brandon M. and Feng, Lei and Gaj, Anita and Levin, K. and Chin, Cheng},
  journal = {Phys. Rev. Lett.},
  volume = {121},
  issue = {3},
  pages = {030402},
  numpages = {6},
  year = {2018},
  month = {Jul},
  publisher = {American Physical Society},
  doi = {10.1103/PhysRevLett.121.030402},
  url = {https://link.aps.org/doi/10.1103/PhysRevLett.121.030402}
}
@book{kotkin2013collection,
  title={Collection of Problems in Classical Mechanics: International Series of Monographs in Natural Philosophy},
  author={Kotkin, Gleb Leonidovich and Serbo, Valeri{\u\i}} Georgievich},
  volume={31},
  year={2013},
  publisher={Elsevier}
}

@article{davis1995bose,
  title={Bose-{E}instein condensation in a gas of sodium atoms},
  author={Davis, Kendall B and Mewes, M-O and Andrews, Michael R and Van Druten, NJ and Durfee, DS and Kurn, DM and Ketterle, Wolfgang},
  journal={Physical Review Letters},
  volume={75},
  number={22},
  pages={3969},
  year={1995},
  publisher={APS}
}
@article{bradley1995evidence,
  title={Evidence of {B}ose-{E}instein condensation in an atomic gas with attractive interactions},
  author={Bradley, Cl C and Sackett, CA and Tollett, JJ and Hulet, Randall G},
  journal={Physical Review Letters},
  volume={75},
  number={9},
  pages={1687},
  year={1995},
  publisher={APS}
}

@article{bradley1997bose,
  title={Bose-{E}instein condensation of lithium: Observation of limited condensate number},
  author={Bradley, Curtis Charles and Sackett, CA and Hulet, RG},
  journal={Physical Review Letters},
  volume={78},
  number={6},
  pages={985},
  year={1997},
  publisher={APS}
}

@article{andrews1997observation,
  title={Observation of interference between two {B}ose condensates},
  author={Andrews, MR and Townsend, CG and Miesner, H-J and Durfee, DS and Kurn, DM and Ketterle, W},
  journal={Science},
  volume={275},
  number={5300},
  pages={637--641},
  year={1997},
  publisher={American Association for the Advancement of Science}
}
@article{stamper1998optical,
  title={Optical confinement of a {B}ose-{E}instein condensate},
  author={Stamper-Kurn, DM and Andrews, MR and Chikkatur, AP and Inouye, Stenger and Miesner, H-J and Stenger, J and Ketterle, W},
  journal={Physical Review Letters},
  volume={80},
  number={10},
  pages={2027},
  year={1998},
  publisher={APS}
}
@article{inouye1998observation,
  title={Observation of {F}eshbach resonances in a {B}ose-{E}instein condensate},
  author={Inouye, S and Andrews, MR and Stenger, J and Miesner, H-J and Stamper-Kurn, DM and Ketterle, W},
  journal={Nature},
  volume={392},
  number={6672},
  pages={151},
  year={1998},
  publisher={Nature Publishing Group}
}
@article{wiese2013ultracold,
  title={Ultracold quantum gases and lattice systems: quantum simulation of lattice gauge theories},
  author={Wiese, U-J},
  journal={Annalen der Physik},
  volume={525},
  number={10-11},
  pages={777--796},
  year={2013},
  publisher={Wiley Online Library}
}
@article{kapit2011optical,
  title={Optical-lattice {H}amiltonians for relativistic quantum electrodynamics},
  author={Kapit, Eliot and Mueller, Erich},
  journal={Physical Review A},
  volume={83},
  number={3},
  pages={033625},
  year={2011},
  publisher={APS}
}
@article{tagliacozzo2013simulation,
  title={Simulation of non-{A}belian gauge theories with optical lattices},
  author={Tagliacozzo, L and Celi, A and Orland, P and Mitchell, MW and Lewenstein, M},
  journal={Nature communications},
  volume={4},
  pages={2615},
  year={2013},
  publisher={Nature Publishing Group}
}
@article{zohar2013cold,
  title={Cold-atom quantum simulator for {SU} (2) {Y}ang-{M}ills lattice gauge theory},
  author={Zohar, Erez and Cirac, J Ignacio and Reznik, Benni},
  journal={Physical Review Letters},
  volume={110},
  number={12},
  pages={125304},
  year={2013},
  publisher={APS}
}
@article{tagliacozzo2013optical,
  title={Optical {A}belian lattice gauge theories},
  author={Tagliacozzo, Luca and Celi, Alessio and Zamora, Alejandro and Lewenstein, Maciej},
  journal={Annals of Physics},
  volume={330},
  pages={160--191},
  year={2013},
  publisher={Elsevier}
}
@article{fisher1989boson,
  title={Boson localization and the superfluid-insulator transition},
  author={Fisher, Matthew PA and Weichman, Peter B and Grinstein, G and Fisher, Daniel S},
  journal={Physical Review B},
  volume={40},
  number={1},
  pages={546},
  year={1989},
  publisher={APS}
}
@article{jaksch1998cold,
  title={Cold bosonic atoms in optical lattices},
  author={Jaksch, Dieter and Bruder, Christoph and Cirac, Juan Ignacio and Gardiner, Crispin W and Zoller, Peter},
  journal={Physical Review Letters},
  volume={81},
  number={15},
  pages={3108},
  year={1998},
  publisher={APS}
}
@article{greiner2002quantum,
  title={Quantum phase transition from a superfluid to a {M}ott insulator in a gas of ultracold atoms},
  author={Greiner, Markus and Mandel, Olaf and Esslinger, Tilman and H{\"a}nsch, Theodor W and Bloch, Immanuel},
  journal={nature},
  volume={415},
  number={6867},
  pages={39},
  year={2002},
  publisher={Nature Publishing Group}
}
@article{keilmann2011statistically,
  title={Statistically induced phase transitions and anyons in 1{D} optical lattices},
  author={Keilmann, Tassilo and Lanzmich, Simon and McCulloch, Ian and Roncaglia, Marco},
  journal={Nature communications},
  volume={2},
  pages={361},
  year={2011},
  publisher={Nature Publishing Group}
}

@article{banerjee2012atomic,
  title={Atomic quantum simulation of dynamical gauge fields coupled to fermionic matter: {F}rom string breaking to evolution after a quench},
  author={Banerjee, Debasish and Dalmonte, M and M{\"u}ller, M and Rico, E and Stebler, P and Wiese, U-J and Zoller, P},
  journal={Physical Review Letters},
  volume={109},
  number={17},
  pages={175302},
  year={2012},
  publisher={APS}
}

@article{ancilotto2013critical,
  title={Critical velocity, vortex shedding, and drag in a unitary {F}ermi superfluid},
  author={Ancilotto, F and Salasnich, L and Toigo, F},
  journal={Physical Review A},
  volume={87},
  number={1},
  pages={013637},
  year={2013},
  publisher={APS}
}
@article{aglietti1996anyons,
  title = {Anyons and Chiral Solitons on a Line},
  author = {Aglietti, U. and Griguolo, L. and Jackiw, R. and Pi, S.-Y. and Seminara, D.},
  journal = {Phys. Rev. Lett.},
  volume = {77},
  issue = {21},
  pages = {4406--4409},
  numpages = {0},
  year = {1996},
  month = {Nov},
  publisher = {American Physical Society},
  doi = {10.1103/PhysRevLett.77.4406},
  url = {https://link.aps.org/doi/10.1103/PhysRevLett.77.4406}
}

@article{yang2016dynamics,
  title={Dynamics of vortex quadrupoles in nonrotating trapped {B}ose-{E}instein condensates},
  author={Yang, Tao and Hu, Zhi-Qiang and Zou, Shan and Liu, Wu-Ming},
  journal={Scientific Reports},
  volume={6},
  pages={29066},
  year={2016},
  publisher={Nature Publishing Group}
}

@article{hall2004superselection,
  title={Superselection from canonical constraints},
  author={Hall, Michael JW},
  journal={Journal of Physics A: Mathematical and General},
  volume={37},
  number={31},
  pages={7799},
  year={2004},
  publisher={IOP Publishing}
}
@article{gray2004progress,
  title={Progress in classical and quantum variational principles},
  author={Gray, CG and Karl, G and Novikov, VA},
  journal={Reports on Progress in Physics},
  volume={67},
  number={2},
  pages={159},
  year={2004},
  publisher={IOP Publishing}
}

@article{deumens1994time,
  title={Time-dependent theoretical treatments of the dynamics of electrons and nuclei in molecular systems},
  author={Deumens, E and Diz, A and Longo, R and {\"O}hrn, Y},
  journal={Reviews of Modern Physics},
  volume={66},
  number={3},
  pages={917},
  year={1994},
  publisher={APS}
}
@book{frenkel1934wave,
  title={Wave mechanics: advanced general theory},
  author={Frenkel, Yakovic Ilich},
  year={1934},
  publisher={Clarendon Press Oxford}
}

@article{sigmund1985time,
  title={A time-dependent analog of the {R}itz variational principle in nonrelativistic quantum mechanics},
  author={Sigmund, Peter and Basbas, George},
  journal={Physica Scripta},
  volume={32},
  number={5},
  pages={482},
  year={1985},
  publisher={IOP Publishing}
}

@article{webb1985observation,
  title={Observation of h e {A}haronov-{B}ohm oscillations in normal-metal rings},
  author={Webb, Richard A and Washburn, Simon and Umbach, CP and Laibowitz, RB},
  journal={Physical Review Letters},
  volume={54},
  number={25},
  pages={2696},
  year={1985},
  publisher={APS}
}

@article{timp1987observation,
  title={Observation of the {A}haronov-{B}ohm effect for $\omega_c\tau> 1$},
  author={Timp, G and Chang, AM and Cunningham, JE and Chang, TY and Mankiewich, P and Behringer, R and Howard, RE},
  journal={Physical Review Letters},
  volume={58},
  number={26},
  pages={2814},
  year={1987},
  publisher={APS}
}
@article{tonomura1982observation,
  title={Observation of {A}haronov-{B}ohm effect by electron holography},
  author={Tonomura, Akira and Matsuda, Tsuyoshi and Suzuki, Ryo and Fukuhara, Akira and Osakabe, Nobuyuki and Umezaki, Hiroshi and Endo, Junji and Shinagawa, Kohsei and Sugita, Yutaka and Fujiwara, Hideo},
  journal={Physical Review Letters},
  volume={48},
  number={21},
  pages={1443},
  year={1982},
  publisher={APS}
}
@article{chandrasekhar1985observation,
  title={Observation of {A}haronov-{B}ohm Electron Interference Effects with Periods $\frac{h}{e}$ and $\frac{h}{2e}$ in Individual Micron-Size, Normal-Metal Rings},
  author={Chandrasekhar, V and Rooks, MJ and Wind, S and Prober, DE},
  journal={Physical Review Letters},
  volume={55},
  number={15},
  pages={1610},
  year={1985},
  publisher={APS}
}

@article{bachtold1999aharonov,
  title={Aharonov-{B}ohm oscillations in carbon nanotubes},
  author={Bachtold, Adrian and Strunk, Christoph and Salvetat, Jean-Paul and Bonard, Jean-Marc and Forr{\'o}, Laszl{\'o} and Nussbaumer, Thomas and Sch{\"o}nenberger, Christian},
  journal={Nature},
  volume={397},
  number={6721},
  pages={673},
  year={1999},
  publisher={Nature Publishing Group}
}

@article{russo2008observation,
  title={Observation of {A}haronov-{B}ohm conductance oscillations in a graphene ring},
  author={Russo, Saverio and Oostinga, Jeroen B and Wehenkel, Dominique and Heersche, Hubert B and Sobhani, Samira Shams and Vandersypen, Lieven MK and Morpurgo, Alberto F},
  journal={Physical Review B},
  volume={77},
  number={8},
  pages={085413},
  year={2008},
  publisher={APS}
}

@article{peng2010aharonov,
  title={Aharonov-{B}ohm interference in topological insulator nanoribbons},
  author={Peng, Hailin and Lai, Keji and Kong, Desheng and Meister, Stefan and Chen, Yulin and Qi, Xiao-Liang and Zhang, Shou-Cheng and Shen, Zhi-Xun and Cui, Yi},
  journal={Nature materials},
  volume={9},
  number={3},
  pages={225},
  year={2010},
  publisher={Nature Publishing Group}
}

@article{yau2002aharonov,
  title={Aharonov-{B}ohm oscillations with spin: {E}vidence for {B}erry’s phase},
  author={Yau, Jeng-Bang and De Poortere, EP and Shayegan, M},
  journal={Physical Review Letters},
  volume={88},
  number={14},
  pages={146801},
  year={2002},
  publisher={APS}
}

@article{yeyati1995aharonov,
  title={Aharonov-{B}ohm oscillations in a mesoscopic ring with a quantum dot},
  author={Yeyati, A Levy and B{\"u}ttiker, Markus},
  journal={Physical Review B},
  volume={52},
  number={20},
  pages={R14360},
  year={1995},
  publisher={APS}
}

@article{bayer2003optical,
  title={Optical detection of the {A}haronov-{B}ohm effect on a charged particle in a nanoscale quantum ring},
  author={Bayer, M and Korkusinski, Marek and Hawrylak, Pawel and Gutbrod, T and Michel, M and Forchel, A},
  journal={Physical Review Letters},
  volume={90},
  number={18},
  pages={186801},
  year={2003},
  publisher={APS}
}

@article{zaric2004optical,
  title={Optical signatures of the {A}haronov-{B}ohm phase in single-walled carbon nanotubes},
  author={Zaric, Sasa and Ostojic, Gordana N and Kono, Junichiro and Shaver, Jonah and Moore, Valerie C and Strano, Michael S and Hauge, Robert H and Smalley, Richard E and Wei, Xing},
  journal={Science},
  volume={304},
  number={5674},
  pages={1129--1131},
  year={2004},
  publisher={American Association for the Advancement of Science}
}

@book{weinberg1995quantum,
  title={The quantum theory of fields. Vol. 1: Foundations},
  author={Weinberg, Steven},
  year={1995},
  publisher={Cambridge University Press}
}

@article{maskawa1976singular,
  title={Singular {L}agrangian and the {D}irac-{F}addeev Method: {E}xistence Theorem of Constraints in 'Standard Form'},
  author={Maskawa, Toshihide and Nakajima, Hideo},
  journal={Progress of Theoretical Physics},
  volume={56},
  number={4},
  pages={1295--1309},
  year={1976},
  publisher={Oxford University Press}
}

@article{hall2002schrodinger,
  title={Schr{\"o}dinger equation from an exact uncertainty principle},
  author={Hall, Michael JW and Reginatto, Marcel},
  journal={Journal of Physics A: Mathematical and General},
  volume={35},
  number={14},
  pages={3289},
  year={2002},
  publisher={IOP Publishing}
}
@book{goldstein2011classical,
  title={Classical mechanics},
  author={Goldstein, Herbert},
  year={2011},
  publisher={Pearson Education India}
}
@book{corben2013classical,
  title={Classical mechanics},
  author={Corben, Herbert Charles and Stehle, Philip},
  year={2013},
  publisher={Courier Corporation}
}


@book{mercier2004analytical,
  title={Analytical and canonical formalism in physics},
  author={Mercier, Andr{\'e}},
  year={2004},
  publisher={Courier Corporation}
}

@article{nonnenmacher1983nonlinear,
  title={On the nonlinear {S}chr{\"o}dinger equation and its fluid-dynamical form},
  author={Nonnenmacher, TF and Dukek, G and Baumann, G},
  journal={Lettere al Nuovo Cimento (1971-1985)},
  volume={36},
  number={14},
  pages={453--456},
  year={1983},
  publisher={Springer}
}
@incollection{nonnenmacher1986functional,
  title={Functional {P}oisson brackets for nonlinear fluid mechanics equations},
  author={Nonnenmacher, TF},
  booktitle={Recent Developments in Nonequilibrium Thermodynamics: Fluids and Related Topics},
  pages={149--174},
  year={1986},
  publisher={Springer}
}

@article{guerra1983origin,
  title={Origin of the quantum observable operator algebra in the frame of stochastic mechanics},
  author={Guerra, Francesco and Marra, Rossana},
  journal={Physical Review D},
  volume={28},
  number={8},
  pages={1916},
  year={1983},
  publisher={APS}
}

@book{gitman2012quantization,
  title={Quantization of fields with constraints},
  author={Gitman, Dmitri and Tyutin, Igor V},
  year={2012},
  publisher={Springer Science \& Business Media}
}

@book{mitra2014symmetries,
  title={Symmetries and symmetry breaking in field theory},
  author={Mitra, Parthasarathi},
  year={2014},
  publisher={CRC Press}
}

@incollection{burnel2009canonical,
  title={Canonical Quantization for Constrained Systems},
  author={Burnel, Andr{\'e}},
  booktitle={Noncovariant Gauges in Canonical Formalism},
  pages={1--23},
  year={2009},
  publisher={Springer}
}

@book{das2008lectures,
  title={Lectures on quantum field theory},
  author={Das, Ashok},
  year={2008},
  publisher={World Scientific}
}

@misc{pathria1986statistical,
  title={Statistical Mechanics, International Series in Natural Philosophy},
  author={Pathria, RK},
  year={1986},
  publisher={Pergamon Press, Oxford, UK}
}

@article{pitaevskii1961sov,
  title={Vortex lines in an imperfect Bose gas},
  author={Pitaevskii, LP},
  journal={Sov. Phys. JETP},
  volume={13},
  number={2},
  pages={451--454},
  year={1961}
}


@article{pitaevskii1961pitaevskii,
  author={Pitaevskii, LP},
  journal={Zh. Eksp. Teor. Fiz},
  volume={40},
  pages={646},
  year={1961}
}

@article{gross1961structure,
  title={Structure of a quantized vortex in boson systems},
  author={Gross, Eugene P},
  journal={Il Nuovo Cimento (1955-1965)},
  volume={20},
  number={3},
  pages={454--477},
  year={1961},
  publisher={Springer}
}

@article{gross1963ep,
  title={Hydrodynamics of a superfluid condensate},
  author={Gross, Eugene P},
  journal={Journal of Mathematical Physics},
  volume={4},
  number={2},
  pages={195--207},
  year={1963},
  publisher={AIP}
}


@book{pitaevskii2016bose,
  title={Bose-{E}instein condensation and superfluidity},
  author={Pitaevskii, Lev and Stringari, Sandro},
  volume={164},
  year={2016},
  publisher={Oxford University Press}
}

@book{griffin1996bose,
  title={Bose-{E}instein condensation},
  author={Griffin, Allan and Snoke, David W and Stringari, Sandro},
  year={1996},
  publisher={Cambridge University Press}
}

@article{penrose1956bose,
  title={Bose-{E}instein condensation and liquid helium},
  author={Penrose, Oliver and Onsager, Lars},
  journal={Physical Review},
  volume={104},
  number={3},
  pages={576},
  year={1956},
  publisher={APS}
}

@book{scottish1967mathematical,
  title={Mathematical methods in solid state and superfluid theory},
  author={Scottish Universities Summer School in Physics and Clark, Roger Cortham and Derrick, Graham Holbrook},
  year={1967},
  publisher={Oliver and Boyd}
}

@book{landau1958course,
  title={Course of Theoretical Physics Vol 3 Quantum Mechanics},
  author={Landau, Lev Davidovich and Lifshitz, EM},
  year={1958},
  publisher={Pergamon Press}
}

@book{itzykson2006quantum,
  title={Quantum field theory},
  author={Itzykson, Claude and Zuber, Jean-Bernard},
  year={2006},
  publisher={Courier Corporation}
}

@book{talman2008geometric,
  title={Geometric mechanics},
  author={Talman, Richard},
  year={2008},
  publisher={John Wiley \& Sons}
}

@misc{jose2000classical,
  title={Classical dynamics: a contemporary approach},
  author={Jos{\'e}, Jorge and Saletan, Eugene},
  year={2000},
  publisher={AAPT}
}

@book{feynman_vol2,
  title={Lectures on Physics, vol. II},
  author={Feynman, Richard P and Leighton, Rober B and Sands, Matthew},
  year={1963},
  publisher={Addison-Wesley Reading, Mass.}
}
@book{feynman_vol3,
  title={Lectures on Physics, vol. III},
  author={Feynman, Richard P and Leighton, Robert B and Sands, Matthew},
  year={1965},
  publisher={Addison-Wesley Reading, Mass.}
}
@book{bohm_on_creativity,
  title={On creativity},
  author={Bohm, David and Nichol, Lee},
  volume={13},
  year={2004},
  publisher={Psychology Press}
}
@article{feynman1982simulating,
  title={Simulating physics with computers},
  author={Feynman, Richard P},
  journal={International journal of theoretical physics},
  volume={21},
  number={6-7},
  pages={467--488},
  year={1982},
  publisher={Springer}
}

@article{luttfs,
  title={Fermi surface and some simple equilibrium properties of a system of interacting fermions},
  author={Luttinger, J.M},
  journal={Physical Review},
  volume={119},
  number={4},
  pages={1153},
  year={1960},
  publisher={APS}
}

@book{baym,
  title={Landau {F}ermi-liquid theory: concepts and applications},
  author={Baym, Gordon and Pethick, Christopher},
  year={2008},
  publisher={John Wiley \& Sons}
}

@article{landau56,
  author={Landau, LD},
  journal={ENGLISH TRANSLATION: Soviet. Phys. JEPT},
  volume={3},
  number={920},
  pages={164},
  year={1956}
}

@article{migd57,
  title={The Momentum Distribution of Interacting {F}ermi Particles},
  author={Migdal, A.B},
  journal={Soviet Phys. JETP},
  volume={5},
  year={1957}
}
@article{luttgsemfs,
  title = {Ground-State Energy of a Many-Fermion System. II},
  author = {Luttinger, J. M. and Ward, J. C.},
  journal = {Phys. Rev.},
  volume = {118},
  issue = {5},
  pages = {1417--1427},
  numpages = {0},
  year = {1960},
  month = {Jun},
  publisher = {American Physical Society},
  doi = {10.1103/PhysRev.118.1417},
  url = {http://link.aps.org/doi/10.1103/PhysRev.118.1417}
}
@book{giul05,
  title={Quantum theory of the electron liquid},
  author={Giuliani, Gabriele},
  year={2005},
  publisher={Cambridge University Press}
}
@book{baym08,
  title={Landau {F}ermi-liquid theory: concepts and applications},
  author={Baym, Gordon and Pethick, Christopher},
  year={2008},
  publisher={John Wiley \& Sons}
}
@book{nozi99,
  title={The theory of quantum liquids},
  author={Nozi{\`e}res, Philippe and Pines, David},
  volume={6},
  year={1999},
  publisher={Perseus Books Cambridge, Massachusetts}
}
@book{nozieres2018theory,
  title={Theory of quantum liquids: Superfluid {B}ose liquids},
  author={Nozi{\`e}res, Philippe},
  year={2018},
  publisher={CRC Press}
}

@book{pran87,
  title={The quantum {H}all effect},
  author={Prange, Richard E and Girvin, Steven M},
  volume={2},
  year={1987},
  publisher={Springer-Verlag New York}
}
@article{faze99,
  title={Electron correlation and magnetism},
  author={Fazekas, Patrik},
  journal={Lecture Notes in Physics},
  volume={5},
  pages={650},
  year={1999}
}
@book{matt2012,
  title={A guide to {F}eynman diagrams in the many-body problem},
  author={Mattuck, Richard D},
  year={2012},
  publisher={Courier Dover Publications}
}
@book{leba1991,
  title={Quantum and statistical field theory},
  author={Le Bellac, Michel and Barton, Gabriel},
  year={1991},
  publisher={Clarendon Press Oxford}
}
@article{ston1935,
  title={The temperature dependence of free electron susceptibility},
  author={Stoner, Edmund C},
  journal={Proceedings of the Royal Society of London. Series A-Mathematical and Physical Sciences},
  volume={152},
  number={877},
  pages={672--692},
  year={1935},
  publisher={The Royal Society}
}
@article{paul1927,
  title={Gas degeneration and paramagnetism},
  author={Pauli, W},
  journal={Z. Physik},
  volume={41},
  number={8},
  year={1927}
}
@book{fett2003,
  title={Quantum theory of many-particle systems},
  author={Fetter, Alexander L and Walecka, John Dirk},
  year={2003},
  publisher={Courier Dover Publications}
}
@article{lind1954,
  title={On the properties of a gas of charged particles},
  author={Lindhard, Jens},
  journal={Kgl. Danske Videnskab. Selskab Mat.-Fys. Medd.},
  volume={28},
  year={1954},
  publisher={Univ. of Copenhagen, Denmark}
}
@article{bohm1952,
  title={A collective description of electron interactions: II. Collective vs individual particle aspects of the interactions},
  author={Pines, David and Bohm, David},
  journal={Physical Review},
  volume={85},
  number={2},
  pages={338},
  year={1952},
  publisher={APS}
}
@article{hu1989,
  title={Generalization of the {L}indhard dielectric function to include fluctuation effects},
  author={Hu, GY and O’Connell, RF},
  journal={Physical Review B},
  volume={40},
  number={6},
  pages={11},
  year={1989}
}

@article{laue1911dynamik,
  title={Zur Dynamik der Relativit{\"a}tstheorie},
  author={Laue, Max},
  journal={Annalen der Physik},
  volume={340},
  number={8},
  pages={524--542},
  year={1911},
  publisher={Wiley Online Library}
}

@article{kelvin1901nineteenth,
  title={I. Nineteenth century clouds over the dynamical theory of heat and light},
  author={Kelvin, Lord},
  journal={The London, Edinburgh, and Dublin Philosophical Magazine and Journal of Science},
  volume={2},
  number={7},
  pages={1--40},
  year={1901},
  publisher={Taylor \& Francis}
}
@article{pita2004,
  title={Motion of a heavy impurity through a {B}ose-{E}instein condensate},
  author={Astrakharchik, GE and Pitaevskii, LP},
  journal={Physical Review A},
  volume={70},
  number={1},
  pages={013608},
  year={2004},
  publisher={APS}
}

@article{edmonds2013,
  title={Simulating an interacting gauge theory with ultracold Bose gases},
  author={Edmonds, Matthew James and Valiente, Manuel and Juzeli\=unas, G and Santos, Luis and {\"O}hberg, P},
  journal={Physical Review Letters},
  volume={110},
  number={8},
  pages={085301},
  year={2013},
  publisher={APS}
}


@article{liao2016,
  title={Noncollinear drag force in {B}ose-{E}instein condensates with {W}eyl spin-orbit coupling},
  author={Liao, Renyuan and Fialko, Oleksandr and Brand, Joachim and Z{\"u}licke, Ulrich},
  journal={Physical Review A},
  volume={93},
  number={2},
  pages={023625},
  year={2016},
  publisher={APS}
}
@article{madelung1926,
  title={Quantum theory in hydrodynamic form},
  author={Madelung, E},
  journal={Z. Phys.},
  volume={40},
  pages={322--326},
  year={1926}
}
@inproceedings{holland2005,
  title={Hydrodynamic construction of the electromagnetic field},
  author={Holland, Peter},
  booktitle={Proceedings of the Royal Society of London A: Mathematical, Physical and Engineering Sciences},
  volume={461},
  number={2063},
  pages={3659--3679},
  year={2005},
  organization={The Royal Society}
}
@article{grozdanov2015,
  title={Viscosity and dissipative hydrodynamics from effective field theory},
  author={Grozdanov, Sa{\v{s}}o and Polonyi, Janos},
  journal={Physical Review D},
  volume={91},
  number={10},
  pages={105031},
  year={2015},
  publisher={APS}
}
@article{zhu2012exotic,
  title={Exotic superfluidity in spin-orbit coupled {B}ose-{E}instein condensates},
  author={Zhu, Qizhong and Zhang, Chuanwei and Wu, Biao},
  journal={EPL (Europhysics Letters)},
  volume={100},
  number={5},
  pages={50003},
  year={2012},
  publisher={IOP Publishing}
}

@article{dalibard2011colloquium,
  title={Colloquium: {A}rtificial gauge potentials for neutral atoms},
  author={Dalibard, Jean and Gerbier, Fabrice and Juzeli\=unas, Gediminas and {\"O}hberg, Patrik},
  journal={Reviews of Modern Physics},
  volume={83},
  number={4},
  pages={1523},
  year={2011},
  publisher={APS}
}
@article{dalibard2015introduction,
  title={Introduction to the physics of artificial gauge fields},
  author={Dalibard, Jean},
  journal={Quantum Matter at Ultralow Temperatures, Proceedings of the International School of Physics “Enrico Fermi},
  volume={191},
  pages={1--61},
  year={2015}
}

@book{messiah1964quantum,
  title={Quantum Mechanics [Vol 1-2].},
  author={Messiah, Albert},
  year={1964}
}
@article{dalibard2015introduction,
  title={Introduction to the physics of artificial gauge fields},
  author={Dalibard, Jean},
  journal={Quantum Matter at Ultralow Temperatures, Proceedings of the International School of Physics “Enrico Fermi},
  volume={191},
  pages={1--61},
  year={2015}
}

@article{berry1985classical,
  title={Classical adiabatic angles and quantal adiabatic phase},
  author={Berry, MV},
  journal={Journal of physics A: Mathematical and general},
  volume={18},
  number={1},
  pages={15},
  year={1985},
  publisher={IOP Publishing}
}

@book{wilczek1989geometric,
  title={Geometric phases in physics},
  author={Wilczek, Frank and Shapere, Alfred},
  volume={5},
  year={1989},
  publisher={World Scientific}
}
@article{PhysRevLett.109.160401,
  title = {Quantum Time Crystals},
  author = {Wilczek, Frank},
  journal = {Phys. Rev. Lett.},
  volume = {109},
  issue = {16},
  pages = {160401},
  numpages = {5},
  year = {2012},
  month = {Oct},
  publisher = {American Physical Society},
  doi = {10.1103/PhysRevLett.109.160401},
  url = {https://link.aps.org/doi/10.1103/PhysRevLett.109.160401}
}
@article{PhysRevLett.109.160402,
  title = {Classical Time Crystals},
  author = {Shapere, Alfred and Wilczek, Frank},
  journal = {Phys. Rev. Lett.},
  volume = {109},
  issue = {16},
  pages = {160402},
  numpages = {4},
  year = {2012},
  month = {Oct},
  publisher = {American Physical Society},
  doi = {10.1103/PhysRevLett.109.160402},
  url = {https://link.aps.org/doi/10.1103/PhysRevLett.109.160402}
}
@article{bruno2013comment,
  title={Comment on “quantum time crystals”},
  author={Bruno, Patrick},
  journal={Physical Review Letters},
  volume={110},
  number={11},
  pages={118901},
  year={2013},
  publisher={APS}
}
@article{bruno2013impossibility,
  title={Impossibility of spontaneously rotating time crystals: a no-go theorem},
  author={Bruno, Patrick},
  journal={Physical Review Letters},
  volume={111},
  number={7},
  pages={070402},
  year={2013},
  publisher={APS}
}

@article{ruseckas2005non,
  title={Non-{A}belian gauge potentials for ultracold atoms with degenerate dark states},
  author={Ruseckas, J and Juzeli\=unas, G and {\"O}hberg, P and Fleischhauer, M},
  journal={Physical Review Letters},
  volume={95},
  number={1},
  pages={010404},
  year={2005},
  publisher={APS}
}

@article{butera2015quantized,
  title={Quantized vortices in interacting gauge theories},
  author={Butera, Salvatore and Valiente, Manuel and {\"O}hberg, Patrik},
  journal={Journal of Physics B: Atomic, Molecular and Optical Physics},
  volume={49},
  number={1},
  pages={015304},
  year={2015},
  publisher={IOP Publishing}
}
@article{Butera_2016,
	doi = {10.1088/1367-2630/18/8/085001},
	url = {https://doi.org/10.1088%2F1367-2630%2F18%2F8%2F085001},
	year = 2016,
	month = {aug},
	publisher = {{IOP} Publishing},
	volume = {18},
	number = {8},
	pages = {085001},
	author = {Salvatore Butera and Manuel Valiente and Patrik Öhberg},
	title = {Vortex dynamics in superfluids governed by an interacting gauge theory},
	journal = {New Journal of Physics},
	abstract = {We study the dynamics of a vortex in a quasi two-dimensional Bose gas consisting of light-matter coupled atoms forming two-component pseudo spins. The gas is subject to a density dependent gauge potential, hence governed by an interacting gauge theory, which stems from a collisionally induced detuning between the incident laser frequency and the atomic energy levels. This provides a back-action between the synthetic gauge potential and the matter field. A Lagrangian approach is used to derive an expression for the force acting on a vortex in such a gas. We discuss the similarities between this force and the one predicted by Iordanskii, Lifshitz and Pitaevskii when scattering between a superfluid vortex and the thermal component is taken into account.}

}
@article{edmonds2015elementary,
  title={Elementary excitations of chiral {B}ose-{E}instein condensates},
  author={Edmonds, Matthew James and Valiente, Manuel and others},
  journal={EPL (Europhysics Letters)},
  volume={110},
  number={3},
  pages={36004},
  year={2015},
  publisher={IOP Publishing}
}
@article{murray2009vortex,
  title={Vortex nucleation in {B}ose-{E}instein condensates due to effective magnetic fields},
  author={Murray, Douglas R and {\"O}hberg, P and Gomila, Dami{\`a} and Barnett, Stephen M},
  journal={Physical Review A},
  volume={79},
  number={6},
  pages={063618},
  year={2009},
  publisher={APS}
}
@article{bohm1952suggestedI,
  title={A suggested interpretation of the quantum theory in terms of" hidden" variables. I},
  author={Bohm, David},
  journal={Physical Review},
  volume={85},
  number={2},
  pages={166},
  year={1952},
  publisher={APS}
}
@article{bell1966problem,
  title={On the problem of hidden variables in quantum mechanics},
  author={Bell, John S},
  journal={Reviews of Modern Physics},
  volume={38},
  number={3},
  pages={447},
  year={1966},
  publisher={APS}
}
@article{bohm1952suggestedII,
  title={A suggested interpretation of the quantum theory in terms of" Hidden" variables. II},
  author={Bohm, David},
  journal={Physical Review},
  volume={85},
  number={2},
  pages={180},
  year={1952},
  publisher={APS}
}
@article{edmonds2013josephson,
  title={On the {J}osephson effect in a {B}ose-{E}instein condensate subject to a density-dependent gauge potential},
  author={Edmonds, MJ and Valiente, Manuel and {\"O}hberg, P},
  journal={Journal of Physics B: Atomic, Molecular and Optical Physics},
  volume={46},
  number={13},
  pages={134013},
  year={2013},
  publisher={IOP Publishing}
}
@article{zheng2013properties,
  title={Properties of {B}ose gases with the {R}aman-induced spin-orbit coupling},
  author={Zheng, Wei and Yu, Zeng-Qiang and Cui, Xiaoling and Zhai, Hui},
  journal={Journal of Physics B: Atomic, Molecular and Optical Physics},
  volume={46},
  number={13},
  pages={134007},
  year={2013},
  publisher={IOP Publishing}
}
@article{couder2006single,
  title={Single-particle diffraction and interference at a macroscopic scale},
  author={Couder, Yves and Fort, Emmanuel},
  journal={Physical Review Letters},
  volume={97},
  number={15},
  pages={154101},
  year={2006},
  publisher={APS}
}
@article{bloch2008many,
  title={Many-body physics with ultracold gases},
  author={Bloch, Immanuel and Dalibard, Jean and Zwerger, Wilhelm},
  journal={Reviews of Modern Physics},
  volume={80},
  number={3},
  pages={885},
  year={2008},
  publisher={APS}
}
@article{zhou2013unconventional,
  title={Unconventional states of bosons with the synthetic spin-orbit coupling},
  author={Zhou, Xiangfa and Li, Yi and Cai, Zi and Wu, Congjun},
  journal={Journal of Physics B: Atomic, Molecular and Optical Physics},
  volume={46},
  number={13},
  pages={134001},
  year={2013},
  publisher={IOP Publishing}
}

@article{murray2007elementary,
  title={Elementary excitations of a {B}ose-{E}instein condensate in an effective magnetic field},
  author={Murray, DR and Barnett, Stephen M and {\"O}hberg, P and Gomila, Dami{\`a}},
  journal={Physical Review A},
  volume={76},
  number={5},
  pages={053626},
  year={2007},
  publisher={APS}
}
@article{winiecki1999pressure,
  title={Pressure drag in linear and nonlinear quantum fluids},
  author={Winiecki, T and McCann, JF and Adams, CS},
  journal={Physical Review Letters},
  volume={82},
  number={26},
  pages={5186},
  year={1999},
  publisher={APS}
}
@article{jackson2000dissipation,
  title={Dissipation and vortex creation in {B}ose-{E}instein condensed gases},
  author={Jackson, B and McCann, JF and Adams, CS},
  journal={Physical Review A},
  volume={61},
  number={5},
  pages={051603},
  year={2000},
  publisher={APS}
}
@article{jackson1998vortex,
  title={Vortex formation in dilute inhomogeneous {B}ose-{E}instein condensates},
  author={Jackson, B and McCann, JF and Adams, CS},
  journal={Physical Review Letters},
  volume={80},
  number={18},
  pages={3903},
  year={1998},
  publisher={APS}
}
@article{liao2016noncollinear,
  title={Noncollinear drag force in {B}ose-{E}instein condensates with {W}eyl spin-orbit coupling},
  author={Liao, Renyuan and Fialko, Oleksandr and Brand, Joachim and Z{\"u}licke, Ulrich},
  journal={Physical Review A},
  volume={93},
  number={2},
  pages={023625},
  year={2016},
  publisher={APS}
}
@article{he2014drag,
  title={Drag force on a moving impurity in a spin-orbit-coupled {B}ose-{E}instein condensate},
  author={He, Pei-Song and Zhu, Yao-Hui and Liu, Wu-Ming},
  journal={Physical Review A},
  volume={89},
  number={5},
  pages={053615},
  year={2014},
  publisher={APS}
}
@article{schenke2012probing,
  title={Probing superfluidity of a mesoscopic {T}onks-{G}irardeau gas},
  author={Schenke, C and Minguzzi, A and Hekking, FWJ},
  journal={Physical Review A},
  volume={85},
  number={5},
  pages={053627},
  year={2012},
  publisher={APS}
}
@article{fetter2009rotating,
  title={Rotating trapped {B}ose-{E}instein condensates},
  author={Fetter, Alexander L},
  journal={Reviews of Modern Physics},
  volume={81},
  number={2},
  pages={647},
  year={2009},
  publisher={APS}
}
@article{bloch2005ultracold,
  title={Ultracold quantum gases in optical lattices},
  author={Bloch, Immanuel},
  journal={Nature Physics},
  volume={1},
  number={1},
  pages={23--30},
  year={2005},
  publisher={Nature Publishing Group}
}
@article{bloch2012quantum,
  title={Quantum simulations with ultracold quantum gases},
  author={Bloch, Immanuel and Dalibard, Jean and Nascimb{\`e}ne, Sylvain},
  journal={Nature Physics},
  volume={8},
  number={4},
  pages={267--276},
  year={2012},
  publisher={Nature Publishing Group}
}
@article{sykes2009drag,
  title={Drag force on an impurity below the superfluid critical velocity in a quasi-one-dimensional {B}ose-{E}instein condensate},
  author={Sykes, Andrew G and Davis, Matthew J and Roberts, David C},
  journal={Physical Review Letters},
  volume={103},
  number={8},
  pages={085302},
  year={2009},
  publisher={APS}
}
@article{winiecki2000vortex,
  title={Vortex shedding and drag in dilute {B}ose-{E}instein condensates},
  author={Winiecki, T and Jackson, B and McCann, JF and Adams, CS},
  journal={Journal of Physics B: Atomic, Molecular and Optical Physics},
  volume={33},
  number={19},
  pages={4069},
  year={2000},
  publisher={IOP Publishing}
}
@article{ticknor2011anisotropic,
  title={Anisotropic superfluidity in a dipolar {B}ose gas},
  author={Ticknor, Christopher and Wilson, Ryan M and Bohn, John L},
  journal={Physical Review Letters},
  volume={106},
  number={6},
  pages={065301},
  year={2011},
  publisher={APS}
}
@article{wilson2010critical,
  title={Critical superfluid velocity in a trapped dipolar gas},
  author={Wilson, Ryan M and Ronen, Shai and Bohn, John L},
  journal={Physical Review Letters},
  volume={104},
  number={9},
  pages={094501},
  year={2010},
  publisher={APS}
}
@article{reeves2015identifying,
  title={Identifying a superfluid {R}eynolds number via dynamical similarity},
  author={Reeves, MT and Billam, TP and Anderson, Brian P and Bradley, AS},
  journal={Physical Review Letters},
  volume={114},
  number={15},
  pages={155302},
  year={2015},
  publisher={APS}
}
@article{kato2010dynamical,
  title={Dynamical Density Fluctuations of Superfluids near the Critical Velocity},
  author={Kato, Yusuke and Watabe, Shohei},
  journal={Physical Review Letters},
  volume={105},
  number={3},
  pages={035302},
  year={2010},
  publisher={APS}
}
@article{frisch1992transition,
  title={Transition to dissipation in a model of superflow},
  author={Frisch, Th and Pomeau, Yves and Rica, Sergio},
  journal={Physical Review Letters},
  volume={69},
  number={11},
  pages={1644},
  year={1992},
  publisher={APS}
}
@book{bellac2011quantum,
  title={Quantum physics},
  author={Le Bellac, Michel},
  year={2011},
  publisher={Cambridge University Press}
}

@article{takabayasi1952formulation,
  title={On the formulation of quantum mechanics associated with classical pictures},
  author={Takabayasi, Takehiko},
  journal={Progress of Theoretical Physics},
  volume={8},
  number={2},
  pages={143--182},
  year={1952},
  publisher={Oxford University Press}
}
@article{gross1963hydrodynamics,
  title={Hydrodynamics of a superfluid condensate},
  author={Gross, Eugene P},
  journal={Journal of Mathematical Physics},
  volume={4},
  number={2},
  pages={195--207},
  year={1963},
  publisher={AIP Publishing}
}
@article{poluektov2014hydrodynamics,
  title={Hydrodynamics of normal and superfluid polar liquids. Propagation of sound},
  author={Poluektov, Yu M},
  journal={Low Temperature Physics},
  volume={40},
  number={9},
  pages={796--801},
  year={2014},
  publisher={AIP Publishing}
}
@article{ginzburg1958theory,
  title={On the theory of superfluidity},
  author={Ginzburg, VL and Pitaevskii, LP},
  journal={Sov. Phys. JETP},
  volume={7},
  number={5},
  pages={858--861},
  year={1958}
}
@article{cherenkov1934visible,
  title={Visible emission of clean liquids by action of $\gamma$ radiation},
  author={Cherenkov, Pavel A},
  journal={Doklady Akademii Nauk SSSR},
  volume={2},
  pages={451},
  year={1934}
}
@article{pomeau1993model,
  title={Model of superflow with rotons},
  author={Pomeau, Yves and Rica, Sergio},
  journal={Physical Review Letters},
  volume={71},
  number={2},
  pages={247},
  year={1993},
  publisher={APS}
}
@article{onsager1949statistical,
  title={Statistical hydrodynamics},
  author={Onsager, Lars},
  journal={Il Nuovo Cimento (1943-1954)},
  volume={6},
  pages={279--287},
  year={1949},
  publisher={Springer}
}
@misc{feynman1955progress,
  title={Progress in low temperature physics},
  author={Feynman, RP},
  year={1955},
  publisher={North-Holland, Amsterdam}
}
@book{london1954superfluids,
  title={Superfluids},
  author={London, Fritz},
  year={1954},
  publisher={Wiley}
}
@article{vinen1961vortex,
  title={Vortex lines in liquid helium II},
  author={Vinen, WF},
  journal={Progress in Low Temperature Physics},
  volume={3},
  pages={1--57},
  year={1961},
  publisher={Elsevier}
}
@article{pitaevskii1961vortex,
  title={Vortex lines in an imperfect {B}ose gas},
  author={Pitaevskii, LP},
  journal={Sov. Phys. JETP},
  volume={13},
  number={2},
  pages={451--454},
  year={1961}
}
@article{barenghi1983friction,
  title={Friction on quantized vortices in helium II. A review},
  author={Barenghi, CF and Donnelly, RJ and Vinen, WF},
  journal={Journal of low temperature physics},
  volume={52},
  number={3-4},
  pages={189--247},
  year={1983},
  publisher={Springer}
}
@inproceedings{hall1956rotation,
  title={The rotation of liquid helium II. II. The theory of mutual friction in uniformly rotating helium II},
  author={Hall, HE and Vinen, WF},
  booktitle={Proceedings of the Royal Society of London A: Mathematical, Physical and Engineering Sciences},
  volume={238},
  number={1213},
  pages={215--234},
  year={1956},
  organization={The Royal Society}
}
@inproceedings{vinen1957mutual,
  title={Mutual friction in a heat current in liquid helium II. III. Theory of the mutual friction},
  author={Vinen, WF},
  booktitle={Proceedings of the Royal Society of London A: Mathematical, Physical and Engineering Sciences},
  volume={242},
  number={1231},
  pages={493--515},
  year={1957},
  organization={The Royal Society}
}
@article{vinen2001decay,
  title={Decay of superfluid turbulence at a very low temperature: The radiation of sound from a {K}elvin wave on a quantized vortex},
  author={Vinen, WF},
  journal={Physical Review B},
  volume={64},
  number={13},
  pages={134520},
  year={2001},
  publisher={APS}
}
@article{smith1993decay,
  title={Decay of vorticity in homogeneous turbulence},
  author={Smith, Michael R and Donnelly, Russell J and Goldenfeld, Nigel and Vinen, WF},
  journal={Physical Review Letters},
  volume={71},
  number={16},
  pages={2583},
  year={1993},
  publisher={APS}
}
@article{vinen2006introduction,
  title={An introduction to quantum turbulence},
  author={Vinen, WF},
  journal={Journal of Low Temperature Physics},
  volume={145},
  number={1-4},
  pages={7--24},
  year={2006},
  publisher={Springer}
}
@article{bardeen1965theory,
  title={Theory of the motion of vortices in superconductors},
  author={Bardeen, John and Stephen, MJ},
  journal={Physical Review},
  volume={140},
  number={4A},
  pages={A1197},
  year={1965},
  publisher={APS}
}
@misc{landau1980statistical,
  title={Statistical physics, part I},
  author={Landau, Lev Davidovich and Lifshitz, EM},
  year={1980},
  publisher={pergamon, Oxford}
}
@article{onofrio2000observation,
  title={Observation of superfluid flow in a {B}ose-{E}instein condensed gas},
  author={Onofrio, R and Raman, C and Vogels, JM and Abo-Shaeer, JR and Chikkatur, AP and Ketterle, W},
  journal={Physical Review Letters},
  volume={85},
  number={11},
  pages={2228},
  year={2000},
  publisher={APS}
}
@article{hakim1997nonlinear,
  title={Nonlinear {S}chr{\"o}dinger flow past an obstacle in one dimension},
  author={Hakim, Vincent},
  journal={Physical Review E},
  volume={55},
  number={3},
  pages={2835},
  year={1997},
  publisher={APS}
}
@article{josserand1995cavitation,
  title={Cavitation versus vortex nucleation in a superfluid model},
  author={Josserand, C and Pomeau, Y and Rica, S},
  journal={Physical Review Letters},
  volume={75},
  number={17},
  pages={3150},
  year={1995},
  publisher={APS}
}
@article{keesom1935new,
  title={New measurements on the specific heat of liquid helium},
  author={Keesom, WH and Keesom, AP},
  journal={Physica},
  volume={2},
  number={1},
  pages={557--572},
  year={1935},
  publisher={Elsevier}
}
@article{allen1938new,
  title={New phenomena connected with heat flow in helium II},
  author={Allen, JF and Jones, H},
  journal={Nature},
  volume={141},
  number={3562},
  pages={243--244},
  year={1938}
}
@article{keesom1936heat,
  title={On the heat conductivity of liquid helium},
  author={Keesom, WH and Keesom, AP},
  journal={Physica},
  volume={3},
  number={5},
  pages={359--360},
  year={1936},
  publisher={North-Holland}
}
@article{landau1941theory,
  title={Theory of the Superfluidity of Helium II},
  author={Landau, L},
  journal={Physical Review},
  volume={60},
  number={4},
  pages={356},
  year={1941},
  publisher={APS}
}
@article{tisza1938transport,
  title={Transport phenomena in helium II},
  author={Tisza, L{\'a}szlo},
  journal={Nature},
  volume={141},
  pages={913},
  year={1938}
}

@book{courant1999supersonic,
  title={Supersonic flow and shock waves},
  author={Courant, Richard and Friedrichs, Kurt Otto},
  volume={21},
  year={1999},
  publisher={Springer Science \& Business Media}
}

@article{kapitza1938viscosity,
  title={Viscosity of liquid helium below the l-point},
  author={Kapitza, P},
  journal={Nature},
  volume={141},
  number={3558},
  pages={74},
  year={1938}
}
@article{allen1938flow,
  title={Flow of liquid helium II},
  author={Allen, JF and Misener, AD},
  journal={Nature},
  volume={141},
  number={3558},
  pages={75},
  year={1938}
}
@article{london1938bose,
  title={On the {B}ose-{E}instein condensation},
  author={London, Fritz},
  journal={Physical Review},
  volume={54},
  number={11},
  pages={947},
  year={1938},
  publisher={APS}
}
@article{burton1935viscosity,
  title={Viscosity of helium I and helium II},
  author={Burton, EF},
  journal={Nature},
  volume={135},
  pages={265},
  year={1935}
}
@article{london1939thermodynamics,
  title={Thermodynamics of the thermomechanical effect of liquid He II},
  author={London, H},
  journal={Proceedings of the Royal Society of London. Series A, Mathematical and Physical Sciences},
  pages={484--496},
  year={1939},
  publisher={JSTOR}
}
@article{london1936condensed,
  title={On condensed helium at absolute zero},
  author={London, F},
  journal={Proceedings of the Royal Society of London. Series A, Mathematical and Physical Sciences},
  volume={153},
  number={880},
  pages={576--583},
  year={1936},
  publisher={JSTOR}
}
@article{simon1934behaviour,
  title={Behaviour of condensed helium near absolute zero},
  author={Simon, F},
  journal={Nature},
  volume={133},
  pages={529},
  year={1934}
}
@article{wilhelm1935viscosity,
  title={The viscosity of liquid helium},
  author={Wilhelm, JO and Misener, AD and Clark, AR},
  journal={Proceedings of the Royal Society of London. Series A, Mathematical and Physical Sciences},
  volume={151},
  number={873},
  pages={342--347},
  year={1935},
  publisher={JSTOR}
}
@article{allen1937heat,
  title={Heat conduction in liquid helium},
  author={Allen, JF and Peierls, R and Uddin, M Zaki},
  journal={Nature},
  volume={140},
  pages={62--63},
  year={1937}
}
@article{allen1938new,
  title={New phenomena connected with heat flow in helium II},
  author={Allen, JF and Jones, H},
  journal={Nature},
  volume={141},
  number={3562},
  pages={243--244},
  year={1938}
}
@article{balibar2007discovery,
  title={The discovery of superfluidity},
  author={Balibar, S{\'e}bastien},
  journal={Journal of Low Temperature Physics},
  volume={146},
  number={5-6},
  pages={441--470},
  year={2007},
  publisher={Springer}
}
@article{keesom1932leiden,
  author={Keesom, WH and Clusius, K},
  journal={Proc. Sect. Sci. K. Ned. Acad. Wet},
  volume={35},
  pages={307},
  year={1932}
}
@book{aris2012vectors,
  title={Vectors, tensors and the basic equations of fluid mechanics},
  author={Aris, Rutherford},
  year={2012},
  publisher={Courier Corporation}
}
@book{lanczos2012variational,
  title={The variational principles of mechanics},
  author={Lanczos, Cornelius},
  year={2012},
  publisher={Courier Corporation}
}
@book{holland1995quantum,
  title={The quantum theory of motion: an account of the de {B}roglie-{B}ohm causal interpretation of quantum mechanics},
  author={Holland, Peter R},
  year={1995},
  publisher={Cambridge university press}
}
@book{bohm2006undivided,
  title={The undivided universe: An ontological interpretation of quantum theory},
  author={Bohm, David and Hiley, Basil J},
  year={2006},
  publisher={Routledge}
}

@book{bohm2005wholeness,
  title={Wholeness and the implicate order},
  author={Bohm, David},
  year={2005},
  publisher={Routledge}
}
distribution
@book{landau1959lifshitz,
  title={Fluid mechanics},
  author={Landau, LD},
  journal={Course of Theoretical Physics},
  volume={6},
  year={1959}
}

@article{landau1976mechanics,
  title={Mechanics, vol. 1},
  author={Landau, LD and Lifshitz, EM},
  journal={Course of theoretical physics},
  volume={3},
  year={1976}
}

@article{zwierlein2005vortices,
  title={Vortices and superfluidity in a strongly interacting {F}ermi gas},
  author={Zwierlein, Martin W and Abo-Shaeer, Jamil R and Schirotzek, Andre and Schunck, Christian H and Ketterle, Wolfgang},
  journal={Nature},
  volume={435},
  number={7045},
  pages={1047--1051},
  year={2005},
  publisher={Nature Publishing Group}
}
@article{aharonov1959significance,
  title={Significance of electromagnetic potentials in the quantum theory},
  author={Aharonov, Yakir and Bohm, David},
  journal={Physical Review},
  volume={115},
  number={3},
  pages={485},
  year={1959},
  publisher={APS}
}

@article{thouless1982quantized,
  title={Quantized {H}all conductance in a two-dimensional periodic potential},
  author={Thouless, DJ and Kohmoto, Mahito and Nightingale, MP and Den Nijs, M},
  journal={Physical Review Letters},
  volume={49},
  number={6},
  pages={405},
  year={1982},
  publisher={APS}
}

@article{hasan2010colloquium,
  title={Colloquium: topological insulators},
  author={Hasan, M Zahid and Kane, Charles L},
  journal={Reviews of Modern Physics},
  volume={82},
  number={4},
  pages={3045},
  year={2010},
  publisher={APS}
}

@book{peskin1989aharonov,
  title={The {A}haronov-{B}ohm Eflect},
  author={Peskin, M and Tonomura, A},
  year={1989},
  publisher={Springer-Verlag, Berlin}
}

@article{berry1984quantal,
  title={Quantal phase factors accompanying adiabatic changes},
  author={Berry, Michael V},
  journal={Proceedings of the Royal Society of London A: Mathematical, Physical and Engineering Sciences},
  volume={392},
  number={1802},
  pages={45--57},
  year={1984},
  publisher={The Royal Society}
}

@article{madison2000vortex,
  title={Vortex formation in a stirred {B}ose-{E}instein condensate},
  author={Madison, KW and Chevy, F and Wohlleben, W and Dalibard, J},
  journal={Physical Review Letters},
  volume={84},
  number={5},
  pages={806},
  year={2000},
  publisher={APS}
}
@article{abo2001observation,
  title={Observation of vortex lattices in {B}ose-{E}instein condensates},
  author={Abo-Shaeer, JR and Raman, C and Vogels, JM and Ketterle, Wolfgang},
  journal={Science},
  volume={292},
  number={5516},
  pages={476--479},
  year={2001},
  publisher={American Association for the Advancement of Science}
}

@article{pokrovskii1976hamiltonian,
  title={Hamiltonian formalism in classical and two-fluid},
  author={Pokrovskii, VL and Khalatnikov, M},
  journal={JETP Lett},
  volume={23},
  number={11},
  year={1976}
}

@article{khalatnikov1978canonical,
  title={Canonical equations of hydrodynamics of quantum liquids},
  author={Khalatnikov, IM and Lebedev, VV},
  journal={Journal of Low Temperature Physics},
  volume={32},
  number={5-6},
  pages={789--801},
  year={1978},
  publisher={Springer}
}
@article{hall2016ensembles,
  title={Ensembles on Configuration Space},
  author={Hall, Michael JW and Reginatto, Marcel},
  journal={Fundam. Theor. Phys.},
  volume={184},
  pages={pp},
  year={2016},
  publisher={Springer}
}

@article{pokrovskii1976transformation,
  title={Transformation of first sound into second in superfluid helium},
  author={Pokrovskii, VL and Khalatnikov, IM},
  journal={Sov. Phys.-JETP (Engl. Transl.);(United States)},
  volume={44},
  number={5},
  year={1976},
  publisher={LD Landau Theoretical Physics Institute, USSR Academy of Sciences}
}

@article{lebedev1977lagrange,
  title={Lagrange and {H}amilton hydrodynamics equations for anisotropic superfluid {H}e 3-{A} liquid},
  author={Lebedev, VV and Khalatnikov, IM},
  journal={Zhurnal Ehksperimental'noj i Teoreticheskoj Fiziki},
  volume={73},
  number={4},
  pages={1537--1548},
  year={1977}
}

@article{holm1982poisson,
  title={Poisson structures of superfluids},
  author={Holm, Darryl D and Kupershmidt, Boris A},
  journal={Physics Letters A},
  volume={91},
  number={9},
  pages={425--430},
  year={1982},
  publisher={Elsevier}
}

@article{zakharov1974hamiltonian,
  title={Hamiltonian formalism for waves in nonlinear media with dispersion},
  author={Zakharov, VE},
  journal={Nauchnaia Shkola po Nelineinym Kolebaniiam i Volnam v Raspredelennykh Sistemakh, 2 nd, Gorki, USSR, Mar. 1973.) Radiofizika},
  volume={17},
  number={4},
  pages={431--453},
  year={1974}
}

@article{zakh1997hamiltonian,
  title={Hamiltonian formalism for nonlinear waves},
  author={Zakharov, V and Kuznetsov, EA},
  journal={Physics-Uspekhi},
  volume={40},
  number={11},
  pages={1087--1116},
  year={1997},
  publisher={Turpion Ltd}
}

@article{morr1998hamiltonian,
  title={Hamiltonian description of the ideal fluid},
  author={Morrison, Philip J},
  journal={Reviews of Modern Physics},
  volume={70},
  number={2},
  pages={467},
  year={1998},
  publisher={APS}
}

@article{mars1986covariant,
  title={Covariant {P}oisson brackets for classical fields},
  author={Marsden, JE and Montgomery, R and Morrison, PJ and Thompson, WB},
  journal={Annals of Physics},
  volume={169},
  number={1},
  pages={29--47},
  year={1986},
  publisher={Elsevier}
}

@book{gerry2005introductory,
  title={Introductory quantum optics},
  author={Gerry, Christopher and Knight, Peter and Knight, Peter L},
  year={2005},
  publisher={Cambridge university press}
}

@book{loudon2000quantum,
  title={The quantum theory of light},
  author={Loudon, Rodney},
  year={2000},
  publisher={OUP Oxford}
}
@book{cohen1992atom,
  title={Atom-photon interactions: basic processes and applications},
  author={Cohen-Tannoudji, Claude and Dupont-Roc, Jacques and Grynberg, Gilbert and Thickstun, Patricia},
  year={1992},
  publisher={Wiley Online Library}
}
@book{cohen1977quantum,
  title={Quantum Mechanics},
  author={Cohen-Tannoudji, Claude},
  volume={2},
  year={1977},
  publisher={Wiley New York}
}


@book{schiff1968quantum,
  title={Quantum Mechanics 3rd},
  author={Schiff, Leonard I},
  publisher={New York: McGraw-Hill},
  pages={498--503},
  year={1968}
}
@book{drummond2014quantum,
  title={The quantum theory of nonlinear optics},
  author={Drummond, Peter D and Hillery, Mark},
  year={2014},
  publisher={Cambridge University Press}
}
@book{ma14ller2006introduction,
  title={Introduction to Quantum Mechanics: Schr\"odinger Equation and Path Integral},
  author={M\~aller-Kirsten, Harald JW},
  year={2006},
  publisher={World Scientific Publishing Company}
}
@book{dirac1981principles,
  title={The principles of quantum mechanics},
  author={Dirac, Paul Adrien Maurice},
  number={27},
  year={1981},
  publisher={Oxford university press}
}

@book{dirac2001lectures,
  title={Lectures on quantum mechanics},
  author={Dirac, Paul Adrien Maurice},
  volume={2},
  year={2001},
  publisher={Courier Corporation}
}

@book{rothe2010classical,
  title={Classical and quantum dynamics of constrained Hamiltonian systems},
  author={Rothe, Heinz J and Rothe, Klaus Dieter},
  volume={81},
  year={2010},
  publisher={World Scientific}
}

@article{dirac1958generalized,
  title={Generalized hamiltonian dynamics},
  author={Dirac, Paul AM},
  journal={Proceedings of the Royal Society of London A: Mathematical, Physical and Engineering Sciences},
  volume={246},
  number={1246},
  pages={326--332},
  year={1958},
  publisher={The Royal Society}
}

@book{henley1959elementary,
  title={Elementary quantum field theory.},
  author={Henley, Ernest-M and Thirring, Walter},
  year={1959},
  publisher={McGraw-Hill Book Co., Inc., PWN-Polish Scientific Publishers}
}

@book{henneaux1992quantization,
  title={Quantization of gauge systems},
  author={Henneaux, Marc and Teitelboim, Claudio},
  year={1992},
  publisher={Princeton university press}
}

@book{sundermeyer1982constrained,
  title={Constrained dynamics with applications to {Y}ang-{M}ills theory, general relativity, classical spin, dual string model},
  author={Sundermeyer, Kurt},
  year={1982},
  publisher={Springer-Verlag, Berlin}
}

@article{barcelos1992symplectic,
  title={Symplectic quantization of constrained systems},
  author={Barcelos-Neto, J and Wotzasek, C},
  journal={Modern Physics Letters A},
  volume={7},
  number={19},
  pages={1737--1747},
  year={1992},
  publisher={World Scientific}
}
@article{faddeev1988hamiltonian,
  title={Hamiltonian reduction of unconstrained and constrained systems},
  author={Faddeev, L and Jackiw, R},
  journal={Physical Review Letters},
  volume={60},
  number={17},
  pages={1692},
  year={1988},
  publisher={APS}
}
@misc{jackiw1994quantization,
    title={(Constrained) Quantization Without Tears},
    author={R. Jackiw},
    year={1993},
    eprint={hep-th/9306075},
    archivePrefix={arXiv},
    primaryClass={hep-th}
}
@article{gergely2002hamiltonian,
  title={On {H}amiltonian formulations of the {S}chr{\"o}dinger system},
  author={Gergely, L{\'a}szl{\'o} {\'A}},
  journal={Annals of Physics},
  volume={298},
  number={2},
  pages={394--402},
  year={2002},
  publisher={Elsevier}
}

@article{kerman1976hamiltonian,
  title={Hamiltonian formulation of time-dependent variational principles for the many-body system},
  author={Kerman, AK and Koonin, SE},
  journal={Annals of Physics},
  volume={100},
  number={1-2},
  pages={332--358},
  year={1976},
  publisher={Elsevier}
}

@article{goldman2014light,
  title={Light-induced gauge fields for ultracold atoms},
  author={Goldman, N and Juzeli\=unas, G and {\"O}hberg, P and Spielman, IB},
  journal={Reports on Progress in Physics},
  volume={77},
  number={12},
  pages={126401},
  year={2014},
  publisher={IOP Publishing}
}

@book{pethick2002bose,
  title={{B}ose-{E}instein condensation in dilute gases},
  author={Pethick, Christopher J and Smith, Henrik},
  year={2002},
  publisher={Cambridge university press}
}
@book{nozieres2018theory,
  title={Theory of quantum liquids: Superfluid bose liquids},
  author={Nozieres, Philippe},
  year={2018},
  publisher={CRC Press}
}

@book{london1954superfluids,
  title={Superfluids},
  author={London, Fritz},
  year={1954},
  publisher={Wiley}
}

@book{inguscio1999bose,
  title={{B}ose-{E}instein condensation in atomic gases},
  author={Inguscio, Massimo and Stringari, Sandro and Wieman, C},
  volume={140},
  year={1999},
  publisher={IOS Press}
}

@article{dalfovo1999theory,
  title={Theory of {B}ose-{E}instein condensation in trapped gases},
  author={Dalfovo, Franco and Giorgini, Stefano and Pitaevskii, Lev P and Stringari, Sandro},
  journal={Reviews of Modern Physics},
  volume={71},
  number={3},
  pages={463},
  year={1999},
  publisher={APS}
}

@book{leggett2006quantum,
  title={Quantum liquids: {B}ose condensation and {C}ooper pairing in condensed-matter systems},
  author={Leggett, Anthony James},
  year={2006},
  publisher={Oxford University Press}
}


@book{wyatt2006quantum,
  title={Quantum dynamics with trajectories: introduction to quantum hydrodynamics},
  author={Wyatt, Robert E},
  volume={28},
  year={2006},
  publisher={Springer Science \& Business Media}
}

@article{hirschfelder1974quantized,
  title={Quantized vortices around wavefunction nodes. II},
  author={Hirschfelder, Joseph O and Goebel, Charles J and Bruch, Ludwig W},
  journal={The Journal of Chemical Physics},
  volume={61},
  number={12},
  pages={5456--5459},
  year={1974},
  publisher={AIP}
}

@article{nelson1966derivation,
  title={Derivation of the {S}chr{\"o}dinger equation from {N}wtonian mechanics},
  author={Nelson, Edward},
  journal={Physical Review},
  volume={150},
  number={4},
  pages={1079},
  year={1966},
  publisher={APS}
}

@book{faris2014diffusion,
  title={Diffusion, Quantum Theory, and Radically Elementary Mathematics},
  author={Faris, William G},
  year={2014},
  publisher={Princeton University Press}
}
@article{marchukov2016quantum,
  title={Quantum spin transistor with a {H}eisenberg spin chain},
  author={Marchukov, Oleksandr V and Volosniev, AG and Valiente, M and Petrosyan, D and Zinner, NT},
  journal={Nature communications},
  volume={7},
  year={2016},
  publisher={Nature Publishing Group}
}
@article{mak2014valley,
  title={The valley {H}all effect in {M}o{S}2 transistors},
  author={Mak, Kin Fai and McGill, Kathryn L and Park, Jiwoong and McEuen, Paul L},
  journal={Science},
  volume={344},
  number={6191},
  pages={1489--1492},
  year={2014},
  publisher={American Association for the Advancement of Science}
}
@article{hoffmann2013spin,
  title={Spin {H}all effects in metals},
  author={Hoffmann, Axel},
  journal={IEEE transactions on magnetics},
  volume={49},
  number={10},
  pages={5172--5193},
  year={2013},
  publisher={IEEE}
}

@article{yennie1987integral,
  title={Integral quantum {H}all effect for nonspecialists},
  author={Yennie, DR},
  journal={Reviews of Modern Physics},
  volume={59},
  number={3},
  pages={781},
  year={1987},
  publisher={APS}
}

@article{qi2011topological,
  title={Topological insulators and superconductors},
  author={Qi, Xiao-Liang and Zhang, Shou-Cheng},
  journal={Reviews of Modern Physics},
  volume={83},
  number={4},
  pages={1057},
  year={2011},
  publisher={APS}
}
@article{kane2005quantum,
  title={Quantum spin {H}all effect in graphene},
  author={Kane, Charles L and Mele, Eugene J},
  journal={Physical Review Letters},
  volume={95},
  number={22},
  pages={226801},
  year={2005},
  publisher={APS}
}

@article{kane2005z,
  title={Z 2 topological order and the quantum spin {H}all effect},
  author={Kane, Charles L and Mele, Eugene J},
  journal={Physical Review Letters},
  volume={95},
  number={14},
  pages={146802},
  year={2005},
  publisher={APS}
}

@article{fu2007topological,
  title={Topological insulators in three dimensions},
  author={Fu, Liang and Kane, Charles L and Mele, Eugene J},
  journal={Physical Review Letters},
  volume={98},
  number={10},
  pages={106803},
  year={2007},
  publisher={APS}
}

@article{bernevig2006quantum,
  title={Quantum spin {H}all effect and topological phase transition in {H}g{T}e quantum wells},
  author={Bernevig, B Andrei and Hughes, Taylor L and Zhang, Shou-Cheng},
  journal={Science},
  volume={314},
  number={5806},
  pages={1757--1761},
  year={2006},
  publisher={American Association for the Advancement of Science}
}

@article{lin2011synthetic,
  title={A synthetic electric force acting on neutral atoms},
  author={Lin, Yu-Ju and Compton, Robert L and Jimenez-Garcia, Karina and Phillips, William D and Porto, James V and Spielman, Ian B},
  journal={Nature Physics},
  volume={7},
  number={7},
  pages={531--534},
  year={2011},
  publisher={Nature Research}
}

@article{lin2009bose,
  title={{B}ose-{E}instein condensate in a uniform light-induced vector potential},
  author={Lin, Y-J and Compton, RL and Perry, AR and Phillips, WD and Porto, JV and Spielman, IB},
  journal={Physical Review Letters},
  volume={102},
  number={13},
  pages={130401},
  year={2009},
  publisher={APS}
}

@article{lin2009synthetic,
  title={Synthetic magnetic fields for ultracold neutral atoms},
  author={Lin, Y-J and Compton, Rob L and Jimenez-Garcia, K and Porto, James V and Spielman, Ian B},
  journal={Nature},
  volume={462},
  number={7273},
  pages={628--632},
  year={2009},
  publisher={Nature Publishing Group}
}

@article{lin2011spin,
  title={Spin-orbit-coupled {B}ose-{E}instein condensates},
  author={Lin, Y-J and Jim{\'e}nez-Garc{\'\i}a, K and Spielman, IB},
  journal={Nature},
  volume={471},
  number={7336},
  pages={83--86},
  year={2011},
  publisher={Nature Research}
}

@article{greschner2014density,
  title={Density-dependent synthetic gauge fields using periodically modulated interactions},
  author={Greschner, S and Sun, G and Poletti, D and Santos, L},
  journal={Physical Review Letters},
  volume={113},
  number={21},
  pages={215303},
  year={2014},
  publisher={APS}
}
@article{cardarelli2016engineering,
  title={Engineering interactions and anyon statistics by multicolor lattice-depth modulations},
  author={Cardarelli, Lorenzo and Greschner, Sebastian and Santos, Luis},
  journal={Physical Review A},
  volume={94},
  number={2},
  pages={023615},
  year={2016},
  publisher={APS}
}
@article{PhysRevLett.117.205303,
  title = {Floquet Realization and Signatures of One-Dimensional Anyons in an Optical Lattice},
  author = {Str\"ater, Christoph and Srivastava, Shashi C. L. and Eckardt, Andr\'e},
  journal = {Phys. Rev. Lett.},
  volume = {117},
  issue = {20},
  pages = {205303},
  numpages = {6},
  year = {2016},
  month = {Nov},
  publisher = {American Physical Society},
  doi = {10.1103/PhysRevLett.117.205303},
  url = {https://link.aps.org/doi/10.1103/PhysRevLett.117.205303}
}
@article{PhysRevLett.115.053002,
  title = {Anyon {H}ubbard Model in One-Dimensional Optical Lattices},
  author = {Greschner, Sebastian and Santos, Luis},
  journal = {Phys. Rev. Lett.},
  volume = {115},
  issue = {5},
  pages = {053002},
  numpages = {5},
  year = {2015},
  month = {Jul},
  publisher = {American Physical Society},
  doi = {10.1103/PhysRevLett.115.053002},
  url = {https://link.aps.org/doi/10.1103/PhysRevLett.115.053002}
}
@article{dingwall2018non,
  title={Non-integrable dynamics of matter-wave solitons in a density-dependent gauge theory},
  author={Dingwall, RJ and Edmonds, MJ and Helm, JL and Malomed, BA and {\"O}hberg, P},
  journal={New Journal of Physics},
  volume={20},
  number={4},
  pages={043004},
  year={2018},
  publisher={IOP Publishing}
}
@article{dingwall2019stability,
  title = {Stability of matter-wave solitons in a density-dependent gauge theory},
  author = {Dingwall, R. J. and \"Ohberg, P.},
  journal = {Phys. Rev. A},
  volume = {99},
  issue = {2},
  pages = {023609},
  numpages = {11},
  year = {2019},
  month = {Feb},
  publisher = {American Physical Society},
  doi = {10.1103/PhysRevA.99.023609},
  url = {https://link.aps.org/doi/10.1103/PhysRevA.99.023609}
}

@article{beeler2013spin,
  title={The spin {H}all effect in a quantum gas},
  author={Beeler, MC and Williams, RA and Jimenez-Garcia, Karina and LeBlanc, LJ and Perry, AR and Spielman, IB},
  journal={Nature},
  volume={498},
  number={7453},
  pages={201--204},
  year={2013},
  publisher={Nature Research}
}

@article{williams2012synthetic,
  title={Synthetic partial waves in ultracold atomic collisions},
  author={Williams, Ross A and LeBlanc, Lindsay J and Jimenez-Garcia, Karina and Beeler, Matthew C and Perry, Abigail R and Phillips, William D and Spielman, Ian B},
  journal={Science},
  volume={335},
  number={6066},
  pages={314--317},
  year={2012},
  publisher={American Association for the Advancement of Science}
}

@article{lin2016synthetic,
  title={Synthetic gauge potentials for ultracold neutral atoms},
  author={Lin, Yu-Ju and Spielman, IB},
  journal={Journal of Physics B: Atomic, Molecular and Optical Physics},
  volume={49},
  number={18},
  pages={183001},
  year={2016},
  publisher={IOP Publishing}
}

@article{bermudez2010wilson,
  title={Wilson fermions and axion electrodynamics in optical lattices},
  author={Bermudez, Alejandro and Mazza, Leonardo and Rizzi, Matteo and Goldman, Nathan and Lewenstein, M and Martin-Delgado, Miguel Angel},
  journal={Physical Review Letters},
  volume={105},
  number={19},
  pages={190404},
  year={2010},
  publisher={APS}
}

@article{mazza2012optical,
  title={An optical-lattice-based quantum simulator for relativistic field theories and topological insulators},
  author={Mazza, Leonardo and Bermudez, Alejandro and Goldman, Nathan and Rizzi, Matteo and Martin-Delgado, Miguel Angel and Lewenstein, Maciej},
  journal={New Journal of Physics},
  volume={14},
  number={1},
  pages={015007},
  year={2012},
  publisher={IOP Publishing}
}

@article{cirac2010cold,
  title={Cold atom simulation of interacting relativistic quantum field theories},
  author={Cirac, J Ignacio and Maraner, Paolo and Pachos, Jiannis K},
  journal={Physical Review Letters},
  volume={105},
  number={19},
  pages={190403},
  year={2010},
  publisher={APS}
}

@article{zohar2012simulating,
  title={Simulating compact quantum electrodynamics with ultracold atoms: probing confinement and nonperturbative effects},
  author={Zohar, Erez and Cirac, J Ignacio and Reznik, Benni},
  journal={Physical Review Letters},
  volume={109},
  number={12},
  pages={125302},
  year={2012},
  publisher={APS}
}

@article{zohar2013quantum,
  title={Quantum simulations of gauge theories with ultracold atoms: Local gauge invariance from angular-momentum conservation},
  author={Zohar, Erez and Cirac, J Ignacio and Reznik, Benni},
  journal={Physical Review A},
  volume={88},
  number={2},
  pages={023617},
  year={2013},
  publisher={APS}
}

@article{zohar2013cold,
  title={Cold-atom quantum simulator for {SU} (2) {Y}ang-{M}ills lattice gauge theory},
  author={Zohar, Erez and Cirac, J Ignacio and Reznik, Benni},
  journal={Physical Review Letters},
  volume={110},
  number={12},
  pages={125304},
  year={2013},
  publisher={APS}
}

@article{banerjee2012atomic,
  title={Atomic quantum simulation of dynamical gauge fields coupled to fermionic matter: from string breaking to evolution after a quench},
  author={Banerjee, Debasish and Dalmonte, M and M{\"u}ller, M and Rico, E and Stebler, P and Wiese, U-J and Zoller, P},
  journal={Physical Review Letters},
  volume={109},
  number={17},
  pages={175302},
  year={2012},
  publisher={APS}
}

@article{banerjee2013atomic,
  title={Atomic quantum simulation of {U (N)} and {SU (N)} non-{A}belian lattice gauge theories},
  author={Banerjee, Debasish and B{\"o}gli, Michael and Dalmonte, M and Rico, E and Stebler, Pascal and Wiese, U-J and Zoller, P},
  journal={Physical Review Letters},
  volume={110},
  number={12},
  pages={125303},
  year={2013},
  publisher={APS}
}

@article{klitzing1980new,
  title={New method for high-accuracy determination of the fine-structure constant based on quantized {H}all resistance},
  author={Klitzing, K v and Dorda, Gerhard and Pepper, Michael},
  journal={Physical Review Letters},
  volume={45},
  number={6},
  pages={494},
  year={1980},
  publisher={APS}
}

@article{chen2013symmetry,
  title={Symmetry protected topological orders and the group cohomology of their symmetry group},
  author={Chen, Xie and Gu, Zheng-Cheng and Liu, Zheng-Xin and Wen, Xiao-Gang},
  journal={Physical Review B},
  volume={87},
  number={15},
  pages={155114},
  year={2013},
  publisher={APS}
}

@article{landau1937theory,
  title={On the theory of phase transitions},
  author={Landau, Lev Davidovich and others},
  journal={Zh. eksp. teor. Fiz},
  volume={7},
  number={19-32},
  year={1937}
}
@book{brillouin2013wave,
  title={Wave propagation and group velocity},
  author={Brillouin, L{\'e}on},
  volume={8},
  year={2013},
  publisher={Academic Press}
}

@article{rosen1972galilean,
  title={Galilean invariance and the general covariance of nonrelativistic laws},
  author={Rosen, Gerald},
  journal={American Journal of Physics},
  volume={40},
  pages={683--687},
  year={1972}
}

@book{brio2010numerical,
  title={Numerical time-dependent partial differential equations for scientists and engineers},
  author={Brio, Moysey and Webb, Gary M and Zakharian, Aramais R},
  volume={213},
  year={2010},
  publisher={Academic Press}
}

@article{delfour1981finite,
  title={Finite-difference solutions of a non-linear {S}chr{\"o}dinger equation},
  author={Delfour, M and Fortin, M and Payr, G},
  journal={Journal of computational physics},
  volume={44},
  number={2},
  pages={277--288},
  year={1981},
  publisher={Elsevier}
}

@article{gajda1999optical,
  title={Optical generation of vortices in trapped {B}ose-{E}instein condensates},
  author={Gajda, M and Lewenstein, M and Sengstock, K and Birkl, G and Ertmer, W and others},
  journal={Physical Review A},
  volume={60},
  number={5},
  pages={R3381},
  year={1999},
  publisher={APS}
}

@article{andrelczyk2001optical,
  title={Optical generation of vortices in trapped {B}ose-{E}instein condensates},
  author={Andrelczyk, G and Brewczyk, M and Gajda, M and Lewenstein, M and others},
  journal={Physical Review A},
  volume={64},
  number={4},
  pages={043601},
  year={2001},
  publisher={APS}
}

@article{burger1999dark,
  title={Dark solitons in {B}ose-{E}instein condensates},
  author={Burger, Stefan and Bongs, K and Dettmer, S and Ertmer, W and Sengstock, K and Sanpera, A and Shlyapnikov, GV and Lewenstein, M},
  journal={Physical Review Letters},
  volume={83},
  number={25},
  pages={5198},
  year={1999},
  publisher={APS}
}
@article{denschlag2000generating,
  title={Generating solitons by phase engineering of a {B}ose-{E}instein condensate},
  author={Denschlag, J and Simsarian, Je E and Feder, Dl L and Clark, Charles W and Collins, La A and Cubizolles, J and Deng, Lu and Hagley, Edward W and Helmerson, Kristian and Reinhardt, William P and others},
  journal={Science},
  volume={287},
  number={5450},
  pages={97--101},
  year={2000},
  publisher={American Association for the Advancement of Science}
}

@article{wu2002controlled,
  title={Controlled generation of dark solitons with phase imprinting},
  author={Wu, Biao and Liu, Jie and Niu, Qian},
  journal={Physical Review Letters},
  volume={88},
  number={3},
  pages={034101},
  year={2002},
  publisher={APS}
}

@article{becker2008oscillations,
  title={Oscillations and interactions of dark and dark-bright solitons in {B}ose-{E}instein condensates},
  author={Becker, Christoph and Stellmer, Simon and Soltan-Panahi, Parvis and D{\"o}rscher, S{\"o}ren and Baumert, Mathis and Richter, Eva-Maria and Kronj{\"a}ger, Jochen and Bongs, Kai and Sengstock, Klaus},
  journal={Nature Physics},
  volume={4},
  number={6},
  pages={496},
  year={2008},
  publisher={Nature Publishing Group}
}

@article{stellmer2008collisions,
  title={Collisions of dark solitons in elongated {B}ose-{E}instein condensates},
  author={Stellmer, S and Becker, C and Soltan-Panahi, P and Richter, E-M and D{\"o}rscher, S and Baumert, M and Kronj{\"a}ger, J and Bongs, K and Sengstock, K},
  journal={Physical Review Letters},
  volume={101},
  number={12},
  pages={120406},
  year={2008},
  publisher={APS}
}

@article{muryshev2002dynamics,
  title={Dynamics of dark solitons in elongated {B}ose-{E}instein condensates},
  author={Muryshev, A and Shlyapnikov, GV and Ertmer, W and Sengstock, K and Lewenstein, M},
  journal={Physical Review Letters},
  volume={89},
  number={11},
  pages={110401},
  year={2002},
  publisher={APS}
}

@article{leanhardt2002imprinting,
  title={Imprinting vortices in a {B}ose-{E}instein condensate using topological phases},
  author={Leanhardt, AE and G{\"o}rlitz, A and Chikkatur, AP and Kielpinski, D and Shin, Y-i and Pritchard, DE and Ketterle, W},
  journal={Physical Review Letters},
  volume={89},
  number={19},
  pages={190403},
  year={2002},
  publisher={APS}
}

@article{huang2001dark,
  title={Dark solitons and their head-on collisions in {B}ose-{E}instein condensates},
  author={Huang, Guoxiang and Velarde, Manuel G and Makarov, Valeri A},
  journal={Physical Review A},
  volume={64},
  number={1},
  pages={013617},
  year={2001},
  publisher={APS}
}

@article{lee1957eigenvalues,
  title={Eigenvalues and eigenfunctions of a {B}ose system of hard spheres and its low-temperature properties},
  author={Lee, Tsin D and Huang, Kerson and Yang, Chen N},
  journal={Physical Review},
  volume={106},
  number={6},
  pages={1135},
  year={1957},
  publisher={APS}
}

@article{bogoliubov1947theory,
  title={On the theory of superfluidity},
  author={Bogoliubov, N},
  journal={J. Phys},
  volume={11},
  number={1},
  pages={23},
  year={1947}
}

@article{PhysRevLett.79.553,
  title = {Propagation of Sound in a {B}ose-{E}instein Condensate},
  author = {Andrews, M. R. and Kurn, D. M. and Miesner, H.-J. and Durfee, D. S. and Townsend, C. G. and Inouye, S. and Ketterle, W.},
  journal = {Phys. Rev. Lett.},
  volume = {79},
  issue = {4},
  pages = {553--556},
  numpages = {0},
  year = {1997},
  month = {Jul},
  publisher = {American Physical Society},
  doi = {10.1103/PhysRevLett.79.553},
  url = {https://link.aps.org/doi/10.1103/PhysRevLett.79.553}
}

@book{pines2018theory,
  title={Theory of Quantum Liquids: Normal Fermi Liquids},
  author={Pines, David},
  year={2018},
  publisher={CRC Press}
}

@article{le1973galilean,
  title={Galilean electromagnetism},
  author={Le Bellac, Michel and L{\'e}vy-Leblond, Jean-Marc},
  journal={Il Nuovo Cimento B (1971-1996)},
  volume={14},
  number={2},
  pages={217--234},
  year={1973},
  publisher={Springer}
}
@article{ohberg2019quantum,
  title={Quantum Time Crystals and Interacting Gauge Theories in Atomic Bose-Einstein Condensates},
  author={{\"O}hberg, Patrik and Wright, Ewan M},
  journal={Physical Review Letters},
  volume={123},
  number={25},
  pages={250402},
  year={2019},
  publisher={APS}
}

@article{rousseaux2005lorenz,
  title={Lorenz or {C}oulomb in {G}alilean electromagnetism?},
  author={Rousseaux, Germain},
  journal={EPL (Europhysics Letters)},
  volume={71},
  number={1},
  pages={15},
  year={2005},
  publisher={IOP Publishing}
}

@article{rousseaux2013forty,
  title={Forty years of {G}alilean electromagnetism (1973--2013)},
  author={Rousseaux, Germain},
  journal={The European Physical Journal Plus},
  volume={128},
  number={8},
  pages={81},
  year={2013},
  publisher={Springer}
}

@article{de2006electrodynamics,
  title={On the electrodynamics of moving bodies at low velocities},
  author={De Montigny, Marc and Rousseaux, Germain},
  journal={European journal of physics},
  volume={27},
  number={4},
  pages={755},
  year={2006},
  publisher={IOP Publishing}
}

@article{brown1999galilean,
  title={The {G}alilean covariance of quantum mechanics in the case of external fields},
  author={Brown, Harvey R and Holland, Peter R},
  journal={American Journal of Physics},
  volume={67},
  pages={204--214},
  year={1999}
}
@article{dewitt1957dynamical,
  title={Dynamical theory in curved spaces. I. A review of the classical and quantum action principles},
  author={DeWitt, Bryce S},
  journal={Reviews of modern physics},
  volume={29},
  number={3},
  pages={377},
  year={1957},
  publisher={APS}
}

@article{takagi1991quantum,
  title={Quantum Dynamics and Non-Inertial Frames of Reference. I: Generality},
  author={Takagi, Shin},
  journal={Progress of theoretical physics},
  volume={85},
  number={3},
  pages={463--479},
  year={1991},
  publisher={Oxford University Press}
}

@book{arnold2007mathematical,
  title={Mathematical aspects of classical and celestial mechanics},
  author={Arnold, Vladimir I and Kozlov, Valery V and Neishtadt, Anatoly I},
  volume={3},
  year={2007},
  publisher={Springer Science \& Business Media}
}

@book{iro2015modern,
  title={A modern approach to classical mechanics},
  author={Iro, Harald},
  year={2015},
  publisher={World Scientific Publishing Company}
}
@article{gross1996role,
  title={The role of symmetry in fundamental physics},
  author={Gross, David J},
  journal={Proceedings of the National Academy of Sciences},
  volume={93},
  number={25},
  pages={14256--14259},
  year={1996},
  publisher={National Acad Sciences}
}

@book{auletta2009quantum,
  title={Quantum Mechanics},
  author={Auletta, G and Fortunato, M and Parisi, G},
  journal={Quantum Mechanics. Cambridge University Press},
  year={2009}
}

@article{olariu1985quantum,
  title={The quantum effects of electromagnetic fluxes},
  author={Olariu, S and Popescu, I Iovitzu},
  journal={Reviews of Modern Physics},
  volume={57},
  number={2},
  pages={339},
  year={1985},
  publisher={APS}
}
@article{aharonov1961further,
  title={Further considerations on electromagnetic potentials in the quantum theory},
  author={Aharonov, Yakir and Bohm, David},
  journal={Physical Review},
  volume={123},
  number={4},
  pages={1511},
  year={1961},
  publisher={APS}
}
@article{aharonov1962remarks,
  title={Remarks on the possibility of quantum electrodynamics without potentials},
  author={Aharonov, Y and Bohm, D},
  journal={Physical Review},
  volume={125},
  number={6},
  pages={2192},
  year={1962},
  publisher={APS}
}
@article{aharonov1963further,
  title={Further discussion of the role of electromagnetic potentials in the quantum theory},
  author={Aharonov, Y and Bohm, David},
  journal={Physical Review},
  volume={130},
  number={4},
  pages={1625},
  year={1963},
  publisher={APS}
}

@book{calkin1996lagrangian,
  title={Lagrangian and {H}amiltonian mechanics},
  author={Calkin, Melvin G},
  year={1996},
  publisher={World Scientific Publishing Company}
}

